<?xml version="1.0" encoding="UTF-8"?><collection xmlns="http://www.loc.gov/MARC21/slim"><record><leader>00430nam--2200133-i-4500</leader><controlfield tag="001">000045755</controlfield><controlfield tag="002">20161230</controlfield><controlfield tag="005">20161230201045</controlfield><controlfield tag="008">060222s1000------------r-----000-0-eng-d</controlfield><datafield ind1=" " ind2=" " tag="080"><subfield code="a">015:628.515</subfield></datafield><datafield ind1=" " ind2=" " tag="100"><subfield code="a">Vaccarezza, Jacques</subfield></datafield><datafield ind1=" " ind2=" " tag="245"><subfield code="a">Contribution a l`etude de la pollution radioactive des eaux. decontamination du 60co dans les effluents radioactifs. these</subfield></datafield><datafield ind1=" " ind2=" " tag="260"><subfield code="a">Toulouse, Univ.Paul Sabatier, 1971, 98p</subfield></datafield><datafield ind1=" " ind2=" " tag="852"><subfield code="a">38215</subfield></datafield></record></collection>